<?xml version="1.0" encoding="UTF-8"?><collection xmlns="http://www.loc.gov/MARC21/slim"><record><leader>00346nam--2200121-i-4500</leader><controlfield tag="001">000022556</controlfield><controlfield tag="002">20161230</controlfield><controlfield tag="005">20161230201034</controlfield><controlfield tag="008">060222s1000------------r-----000-0-eng-d</controlfield><datafield ind1=" " ind2=" " tag="080"><subfield code="a">621.039.577</subfield></datafield><datafield ind1=" " ind2=" " tag="245"><subfield code="a">An evaluation of four design studies of a 1000 mwe ceramic fueled fast breeder reactor</subfield></datafield><datafield ind1=" " ind2=" " tag="260"><subfield code="a">Chicago, Usaec, 1964. P.Dif</subfield></datafield><datafield ind1=" " ind2=" " tag="852"><subfield code="a">23585</subfield></datafield></record></collection>